@BOOK{Wilson2002,
  AUTHOR =       {Wilson de Padua Páula Filho},
  TITLE =        {Engenharia de Software: Fundamentos, Métodos e Padrões},
  PUBLISHER =    {LTC editora},
  YEAR =         {2002},
  edition =      {Segunda edição}
}
@ARTICLE{ChanAndChui2001,
	title = {The impact of salient political and economic news on the trading activity},
	author = {Chan, Yue-cheong and Chui, Andy C. W. and Kwok, Chuck C. Y.},
	year = {2001},
	journal = {Pacific-Basin Finance Journal},
	volume = {9},
	number = {3},
	pages = {195-217},
	url = {http://EconPapers.repec.org/RePEc:eee:pacfin:v:9:y:2001:i:3:p:195-217}
}
@article{Nassirtoussi2014,
	author = {Khadjeh Nassirtoussi, Arman and Aghabozorgi, Saeed and Ying Wah, Teh and Ngo, David Chek Ling},
	title = {Review: Text Mining for Market Prediction: A Systematic Review},
	journal = {Expert Syst. Appl.},
	issue_date = {November, 2014},
	volume = {41},
	number = {16},
	month = nov,
	year = {2014},
	issn = {0957-4174},
	pages = {7653--7670},
	numpages = {18},
	url = {http://dx.doi.org/10.1016/j.eswa.2014.06.009},
	doi = {10.1016/j.eswa.2014.06.009},
	acmid = {2658453},
	publisher = {Pergamon Press, Inc.},
	address = {Tarrytown, NY, USA},
	keywords = {FOREX market prediction, News sentiment analysis, Online sentiment analysis, Social media text mining, Stock prediction based on news},
} 